@PREAMBLE{"\providecommand{\noopsort}[1]{}"}

%%%%%%%%%%%%%%%%%%%%%%%%%%%%%%%%%%%%%%%%%%%%%%%%%%%%%%%%%%%%%%%%%%%%%%%%%%%%%%%%%%%%%%%%%%%%%%%%%%%%
@article{Angevine2010,
author="Angevine, W.M. and H. Jiang and T. Mauritsen",
year=2010,
title="{Performance of an eddy diffusivity – mass flux scheme for shallow cumulus boundary layers}",
journal="Mon. Wea. Rev.", 
volume=138,
pages="2895-2912"}
%%%%%%%%%%%%%%%%%%%%%%%%%%%%%%%%%%%%%%%%%%%%%%%%%%%%%%%%%%%%%%%%%%%%%%%%%%%%%%%%%%%%%%%%%%%%%%%%%%%%
@techreport{armCO2FLUX,
author="Fischer, M. L.",
year=2005,
title="{Carbon Dioxide Flux Measurement Systems Handbook}",
number="{ARM TR-048}",
pages="12"}
%%%%%%%%%%%%%%%%%%%%%%%%%%%%%%%%%%%%%%%%%%%%%%%%%%%%%%%%%%%%%%%%%%%%%%%%%%%%%%%%%%%%%%%%%%%%%%%%%%%%
@techreport{armEBBR,
author="Cook, D. R.",
year=2007,
title="{Energy Balance Bowen Ratio Handbook}",
number="{DOE/SC-ARM-TR-037}",
pages="23"}
%%%%%%%%%%%%%%%%%%%%%%%%%%%%%%%%%%%%%%%%%%%%%%%%%%%%%%%%%%%%%%%%%%%%%%%%%%%%%%%%%%%%%%%%%%%%%%%%%%%%
@techreport{armECOR,
author="Cook, D. R. and M. S. Pekour",
year=2008,
title="{Eddy Correlation Flux Measurement Systems Handbook}",
number="{DOE/SC-ARM/TR-05}",
pages="15"}
%%%%%%%%%%%%%%%%%%%%%%%%%%%%%%%%%%%%%%%%%%%%%%%%%%%%%%%%%%%%%%%%%%%%%%%%%%%%%%%%%%%%%%%%%%%%%%%%%%%%
@techreport{armSMOS,
author="Ritsche, M. T.",
year=2008,
title="{Surface Meteorological Observation System Handbook}",
number="{DOE/SC-ARM/TR-031}",
pages="31"}
%%%%%%%%%%%%%%%%%%%%%%%%%%%%%%%%%%%%%%%%%%%%%%%%%%%%%%%%%%%%%%%%%%%%%%%%%%%%%%%%%%%%%%%%%%%%%%%%%%%%
@article{Beljaars,
author="Beljaars, A. C. M.",
year=1995,
title="{The parameterization of surface fluxes in large-scale models under free convection}",
journal="Quart. J. Roy. Meteor. Soc.", 
volume=121,
pages="255-270"}
%%%%%%%%%%%%%%%%%%%%%%%%%%%%%%%%%%%%%%%%%%%%%%%%%%%%%%%%%%%%%%%%%%%%%%%%%%%%%%%%%%%%%%%%%%%%%%%%%%%%
@techreport{RUC,
author="Benjamin, Stanley G. and Kevin J. Brundage and Lauren L. Morone",
year=1994,
title="{Implementation of the Rapid Update Cycle. Part I: Analysis/Model Description}",
institution="NOAA",
address="USA"}
%%%%%%%%%%%%%%%%%%%%%%%%%%%%%%%%%%%%%%%%%%%%%%%%%%%%%%%%%%%%%%%%%%%%%%%%%%%%%%%%%%%%%%%%%%%%%%%%%%%%
@inproceedings{Blackadar76,
author="Blackadar, A. K.",
year=1976,
title="{Modeling the nocturnal boundary layer}",
booktitle="Preprints, Third Symp. on Atmospheric Turbulence and Air Quality",
organizaton="Amer. Metor. Soc.",
address="Raleigh, NC",
pages="46-49"}
%%%%%%%%%%%%%%%%%%%%%%%%%%%%%%%%%%%%%%%%%%%%%%%%%%%%%%%%%%%%%%%%%%%%%%%%%%%%%%%%%%%%%%%%%%%%%%%%%%%%
@inproceedings{Blackadar78,
author="Blackadar, A. K.",
year=1978,
title="{Modeling pollutant transfer during daytime convections}",
booktitle="{Preprints, Fourth Symp. on Atmospheric Turbulence, Diffusion, and Air Quality}",
organization="Amer. Metor. Soc.",
address="Reno, NV",
pages="443-447"}
%%%%%%%%%%%%%%%%%%%%%%%%%%%%%%%%%%%%%%%%%%%%%%%%%%%%%%%%%%%%%%%%%%%%%%%%%%%%%%%%%%%%%%%%%%%%%%%%%%%%
@article{BouLac,
author="Bougeault, P. and P. Lacarr\`{e}re",
year=1989,
title="{Parameterization of orography-induced turbulence in a mesobeta-scale model}",
journal="Mon. Wea. Rev.", 
volume=117,
pages="1872–1890"}
%%%%%%%%%%%%%%%%%%%%%%%%%%%%%%%%%%%%%%%%%%%%%%%%%%%%%%%%%%%%%%%%%%%%%%%%%%%%%%%%%%%%%%%%%%%%%%%%%%%%
@incollection{Botnick2008,
author="Botnick, A. M. and E. Fedorovich",
year=2008,
title="{Large eddy simulation of atmospheric convective boundary layer with realistic environmental forcings}",
booktitle="{Quality and Reliability of Large-Eddy Simulations}",
editor="{J. Meyers et al.}",
publisher="{Springer}",
PAGES="{193-204}"}
%%%%%%%%%%%%%%%%%%%%%%%%%%%%%%%%%%%%%%%%%%%%%%%%%%%%%%%%%%%%%%%%%%%%%%%%%%%%%%%%%%%%%%%%%%%%%%%%%%%%
@article{ChenDud,
author="Chen, F. and J. Dudhia",
year=2001,
title="{Coupling an advanced land-surface/ hydrology model with the Penn State/ NCAR MM5 modeling 
system. Part 1: Model description and implementation}",
journal="Mon. Wea. Rev.", 
volume=129,
pages="569-585"}
%%%%%%%%%%%%%%%%%%%%%%%%%%%%%%%%%%%%%%%%%%%%%%%%%%%%%%%%%%%%%%%%%%%%%%%%%%%%%%%%%%%%%%%%%%%%%%%%%%%%
@article{Chow2005,
author="Chow, F. K. and R. L. Street and M. Xue and J. H. Ferziger",
year=2005,
title="{Explicit Filtering and Reconstruction Turbulence Modeling for Large-Eddy Simulation of 
Neutral Boundary Layer Flow}",
journal="J. Atmos. Sci.", 
volume=62,
pages="2058-2077"}
%%%%%%%%%%%%%%%%%%%%%%%%%%%%%%%%%%%%%%%%%%%%%%%%%%%%%%%%%%%%%%%%%%%%%%%%%%%%%%%%%%%%%%%%%%%%%%%%%%%%
@PHDTHESIS{Conzemius2004,
AUTHOR  = {Conzemius, R. J.},
YEAR    = 2004,
TITLE   = {The Effects of Wind Shear on Convective Boundary Layer Entrainment},
SCHOOL  = {University of Oklahoma},
PAGES   = 338
}
%%%%%%%%%%%%%%%%%%%%%%%%%%%%%%%%%%%%%%%%%%%%%%%%%%%%%%%%%%%%%%%%%%%%%%%%%%%%%%%%%%%%%%%%%%%%%%%%%%%%
@article{Confe2008,
author="Conzemius, R. J. and E. Fedorovich",
year=2008,
title="{A case study of convective boundary layer development during IHOP 2002: numerical simulations compared to observations}",
journal="Mon. Wea. Rev.", 
volume=136,
pages="2305-2320"}
%%%%%%%%%%%%%%%%%%%%%%%%%%%%%%%%%%%%%%%%%%%%%%%%%%%%%%%%%%%%%%%%%%%%%%%%%%%%%%%%%%%%%%%%%%%%%%%%%%%%
@article{DavTurn,
author="Davies, H. C. and R. E. Turner",
year=1977,
title="{Updating prediction models by dynamical relaxation: an examination of the technique}",
journal="Quart. J. Roy. Meteor. Soc.", 
volume=103,
pages="225-245"}
%%%%%%%%%%%%%%%%%%%%%%%%%%%%%%%%%%%%%%%%%%%%%%%%%%%%%%%%%%%%%%%%%%%%%%%%%%%%%%%%%%%%%%%%%%%%%%%%%%%%
@article{Deardorff1970,
author="Deardorff, J. W.",
year=1970,
title="{Convective Velocity and Temperature Scales for the Unstable Planetary Boundary Layer and for Rayleigh Convection}",
journal="J. Atmos. Sci.", 
volume=27,
pages="1211-1213"}
%%%%%%%%%%%%%%%%%%%%%%%%%%%%%%%%%%%%%%%%%%%%%%%%%%%%%%%%%%%%%%%%%%%%%%%%%%%%%%%%%%%%%%%%%%%%%%%%%%%%
@article{Deardorff,
author="Deardorff, J. W.",
year=1972,
title="{Numerical investigation of neutral and unstable planetary boundary layers}",
journal="J. Atmos. Sci.", 
volume=29,
pages="91-115"}
%%%%%%%%%%%%%%%%%%%%%%%%%%%%%%%%%%%%%%%%%%%%%%%%%%%%%%%%%%%%%%%%%%%%%%%%%%%%%%%%%%%%%%%%%%%%%%%%%%%%
@article{Deardorff1980,
author="Deardorff, J. W.",
year=1980,
title="{Stratocumulus-capped mixed layers derived from a three-dimensional model}",
journal="Bound.-Layer Meteor.", 
volume=18,
pages="495-527"}
%%%%%%%%%%%%%%%%%%%%%%%%%%%%%%%%%%%%%%%%%%%%%%%%%%%%%%%%%%%%%%%%%%%%%%%%%%%%%%%%%%%%%%%%%%%%%%%%%%%%
@article{Dud89,
author="Dudhia, J.",
year=1989,
title="{Numerical study of convection observed during the winter monsoon experiment using a 
two-dimensional model}",
journal="J. Atmos. Sci.", 
volume=46,
pages="3077-3107"}
%%%%%%%%%%%%%%%%%%%%%%%%%%%%%%%%%%%%%%%%%%%%%%%%%%%%%%%%%%%%%%%%%%%%%%%%%%%%%%%%%%%%%%%%%%%%%%%%%%%%
@unpublished{DudPhys,
author="Dudhia, J.",
title="{WRF Physics Options}",
note="{Technical documentation for general WRF model users}",
month=sep,
year=2008}
%%%%%%%%%%%%%%%%%%%%%%%%%%%%%%%%%%%%%%%%%%%%%%%%%%%%%%%%%%%%%%%%%%%%%%%%%%%%%%%%%%%%%%%%%%%%%%%%%%%%
@article{Dyer,
author="Dyer, A. J. and B. B. Hicks",
year=1970,
title="{Flux-gradient relationships in the constant flux layer}",
journal="Quart. J. Roy. Meteor. Soc.", 
volume=96,
pages="715-721"}
%%%%%%%%%%%%%%%%%%%%%%%%%%%%%%%%%%%%%%%%%%%%%%%%%%%%%%%%%%%%%%%%%%%%%%%%%%%%%%%%%%%%%%%%%%%%%%%%%%%%
@article{Fairall2003,
author="Fairall, C. W. and E. F. Bradley and J. E. Hare and A. A. Grachev and J. B. Edson",
year=2003,
title="{Bulk Parameterization of Air–Sea Fluxes: Updates and Verification for the COARE Algorithm}",
journal="J. Climate", 
volume=16,
pages="571-591"}
%%%%%%%%%%%%%%%%%%%%%%%%%%%%%%%%%%%%%%%%%%%%%%%%%%%%%%%%%%%%%%%%%%%%%%%%%%%%%%%%%%%%%%%%%%%%%%%%%%%%
@article{Feddy04a,
author="Fedorovich, E. and R. Conzemius and D. {\noopsort{a}}Mironov",
year=2004,
title="{Convective entrainment into a shear-free linearly stratified atmosphere: bulk models 
reevaluated through large eddy simulations}",
journal="J. Atmos. Sci.", 
volume=61,
pages="281-295"}
%%%%%%%%%%%%%%%%%%%%%%%%%%%%%%%%%%%%%%%%%%%%%%%%%%%%%%%%%%%%%%%%%%%%%%%%%%%%%%%%%%%%%%%%%%%%%%%%%%%%
@inproceedings{Feddy04b,
author="Fedorovich, E. and R. Conzemius and I. Esau and F. Katopodes Chow and D. Lewellen and C.-H. 
Moeng and D. Pino and P. Sullivan and J. Vil-Guerau de Arellano",
year=2004,
title="{Entrainment into sheared convective boundary layers as predicted by different large eddy 
simulation codes}",
booktitle="{Preprints, 16th Symp. on Boundary Layers and Turbulence}",
organizaton="Amer. Meteor. Soc.", 
address="Portland, Maine",
pages="{P4.7}",
howpublished={CD-ROM}}
%%%%%%%%%%%%%%%%%%%%%%%%%%%%%%%%%%%%%%%%%%%%%%%%%%%%%%%%%%%%%%%%%%%%%%%%%%%%%%%%%%%%%%%%%%%%%%%%%%%%
@article{Feddy01a,
author="Fedorovich, E., and F. T. M. Nieuwstadt and R. Kaiser",
year=2001,
title="{Numerical and laboratory study of horizontally evolving convective boundary layer. Part I: 
Transition regimes and development of the mixed layer}",
journal="J. Atmos. Sci.", 
volume=58,
pages="70-86"}
%%%%%%%%%%%%%%%%%%%%%%%%%%%%%%%%%%%%%%%%%%%%%%%%%%%%%%%%%%%%%%%%%%%%%%%%%%%%%%%%%%%%%%%%%%%%%%%%%%%%
@article{Feddy01b,
author="Fedorovich, E. and T. M. Nieuwstadt and R. Kaiser",
year=2001,
title="{Numerical and laboratory study of horizontally evolving convective boundary layer. Part II: 
Effects of elevated wind shear and surface roughness}",
journal="J. Atmos. Sci.", 
volume=58,
pages="546-560"}
%%%%%%%%%%%%%%%%%%%%%%%%%%%%%%%%%%%%%%%%%%%%%%%%%%%%%%%%%%%%%%%%%%%%%%%%%%%%%%%%%%%%%%%%%%%%%%%%%%%%
@article{FelsSw,
author="Fels, S. B. and M. D. Schwarzkopf",
year=1975,
title="{The Simplified Exchange Approximation: A New Method for Radiative Transfer Calculations}",
journal="J. Atmos. Sci.", 
volume=32,
pages="1475-1488"}
%%%%%%%%%%%%%%%%%%%%%%%%%%%%%%%%%%%%%%%%%%%%%%%%%%%%%%%%%%%%%%%%%%%%%%%%%%%%%%%%%%%%%%%%%%%%%%%%%%%%
@techreport{Ferrier,
author="Ferrier et al.",
year=2001,
title="{Changes to the NCEP Meso Eta Analysis and Forecast System: Increase in resolution, new cloud 
microphysics, modified precipitation assimilation, modified 3DVAR analysis}",
institution="NCEP",
address="USA"}
%%%%%%%%%%%%%%%%%%%%%%%%%%%%%%%%%%%%%%%%%%%%%%%%%%%%%%%%%%%%%%%%%%%%%%%%%%%%%%%%%%%%%%%%%%%%%%%%%%%%
@BOOK{Garratt1992,
author = "J. R. Garratt",
title= "{The Atmospheric Boundary Layer}",
publisher = "Cambridge University Press",
address="New York",
year=1992,
pages="316 "}
%%%%%%%%%%%%%%%%%%%%%%%%%%%%%%%%%%%%%%%%%%%%%%%%%%%%%%%%%%%%%%%%%%%%%%%%%%%%%%%%%%%%%%%%%%%%%%%%%%%%
@inproceedings{MPAS,
author="Klemp, J. and  W. C. Skamarock and T. Ringler and J. Thuburn",
year=2009,
title="{Model for Prediction Across Scales (MPAS)}",
booktitle="10th Annual WRF Users' Workshop",
organizaton="NCAR",
address="Boulder, CO",
pages="6.6",
note="available online at http://www.mmm.ucar.edu/wrf/users/workshops/WS2009/presentations/6-06.pdf"}
%%%%%%%%%%%%%%%%%%%%%%%%%%%%%%%%%%%%%%%%%%%%%%%%%%%%%%%%%%%%%%%%%%%%%%%%%%%%%%%%%%%%%%%%%%%%%%%%%%%%
@inproceedings{Gaudet2012,
author="Gaudet, B. J. and A. Deng and D. Stauffer and Nelson Seaman",
year=2012,
title="{Eddy Seeding for Improved WRF-LES Simulations Using Realistic Lateral Boundary Conditions}",
booktitle="13th Annual WRF Users' Workshop",
organizaton="NCAR",
address="Boulder, CO",
pages="3.5",
note="available online at http://www.mmm.ucar.edu/wrf/users/workshops/WS2012/WorkshopPapers.php"}
%%%%%%%%%%%%%%%%%%%%%%%%%%%%%%%%%%%%%%%%%%%%%%%%%%%%%%%%%%%%%%%%%%%%%%%%%%%%%%%%%%%%%%%%%%%%%%%%%%%%
@article{Germano1991,
author="Germano, M. and U. Piomelli and P. Moin and and W. H. Cabot",
year=1991,
title="{A dynamic subgrid‐scale eddy viscosity model}",
journal="Physics of Fluids A: Fluid Dynamics", 
volume=3,
pages="1760"}
%%%%%%%%%%%%%%%%%%%%%%%%%%%%%%%%%%%%%%%%%%%%%%%%%%%%%%%%%%%%%%%%%%%%%%%%%%%%%%%%%%%%%%%%%%%%%%%%%%%%
@MASTERSTHESIS{Gibbs2008,
AUTHOR  = {Gibbs, J. A.},
YEAR = 2008,
TITLE   = {Turbulent Transport and Surface Interactions Within Inhomogeneous Atmospheric 
Environments: An Evaluation of Parameterization Schemes in The Weather Research and Forecasting 
Model},
DEPARTMENT = {Dept. of Meteorology},
SCHOOL  = {University of Oklahoma},
PAGES   = 134}
%%%%%%%%%%%%%%%%%%%%%%%%%%%%%%%%%%%%%%%%%%%%%%%%%%%%%%%%%%%%%%%%%%%%%%%%%%%%%%%%%%%%%%%%%%%%%%%%%%%%
@article{Gibbs2011,
author="Gibbs, J. A. and E. Fedorovich and A. M. J. van Eijk",
year=2011,
title="{Evaluating Weather Research and Forecasting (WRF) Model Predictions of Turbulent Flow 
Parameters in a Dry Convective Boundary Layer}",
journal="J. Appl. Meteor. Clim.", 
volume=50,
pages="2429-2444"}
%%%%%%%%%%%%%%%%%%%%%%%%%%%%%%%%%%%%%%%%%%%%%%%%%%%%%%%%%%%%%%%%%%%%%%%%%%%%%%%%%%%%%%%%%%%%%%%%%%%%
@article{HL1988,
author="Helfand, H. M. and J. C. Labraga",
year=1988,
title="{Design of a Nonsingular Level 2.5 Second-Order Closure Model for the Prediction of 
Atmospheric Turbulence}",
journal="J. Atmos. Sci.", 
volume=45,
pages="113-132"}
%%%%%%%%%%%%%%%%%%%%%%%%%%%%%%%%%%%%%%%%%%%%%%%%%%%%%%%%%%%%%%%%%%%%%%%%%%%%%%%%%%%%%%%%%%%%%%%%%%%%
@article{Holtslag,
author="Holtslag, A. A. M. and B. A. Boville",
year=1993,
title="{Local versus non-local boundary layer diffusion in a global climate model}",
journal="J. Climate", 
volume=6,
pages="1825-1842"}
%%%%%%%%%%%%%%%%%%%%%%%%%%%%%%%%%%%%%%%%%%%%%%%%%%%%%%%%%%%%%%%%%%%%%%%%%%%%%%%%%%%%%%%%%%%%%%%%%%%%
@BOOK{Holtslag1998,
author= "Holtslag, A. A. M. and P. G. Duynkerke",
title= "{Clear and Cloudy Boundary Layers}",
publisher = "{Royal Netherlands Academy of Arts and Sciences}",
address="Amsterdam",
year=1998,
pages="372"}
%%%%%%%%%%%%%%%%%%%%%%%%%%%%%%%%%%%%%%%%%%%%%%%%%%%%%%%%%%%%%%%%%%%%%%%%%%%%%%%%%%%%%%%%%%%%%%%%%%%%
@article{Hong98,
author="Hong, S. and H. M. H. Juang and Q. Zhao",
year=1998,
title="{Implementation of prognostic cloud scheme for a regional spectral model}",
journal="Mon. Wea. Rev.", 
volume=126,
pages="2621-2639"}
%%%%%%%%%%%%%%%%%%%%%%%%%%%%%%%%%%%%%%%%%%%%%%%%%%%%%%%%%%%%%%%%%%%%%%%%%%%%%%%%%%%%%%%%%%%%%%%%%%%%
@article{Hong04,
author="Hong, S. and J. Dudhia and S. -H. Chen",
year=2004,
title="{A Revised Approach to Ice Microphysical Processes for the Bulk Parameterization of Clouds 
and Precipitation.}", 
journal="Mon. Wea. Rev.",
volume=132,
pages="103-120"}
%%%%%%%%%%%%%%%%%%%%%%%%%%%%%%%%%%%%%%%%%%%%%%%%%%%%%%%%%%%%%%%%%%%%%%%%%%%%%%%%%%%%%%%%%%%%%%%%%%%%
@article{Hong06,
author="Hong, S. and  Y. Noh and J. Dudhia",
year=2006,
title="{A new vertical diffusion package with an explicit treatment of entrainment processes}",
journal="Mon. Wea. Rev.", 
volume=134,
pages="2318-2341"}
%%%%%%%%%%%%%%%%%%%%%%%%%%%%%%%%%%%%%%%%%%%%%%%%%%%%%%%%%%%%%%%%%%%%%%%%%%%%%%%%%%%%%%%%%%%%%%%%%%%%
@inproceedings{Hong07,
author="Hong, S.",
year=2007,
title="{Stable Boundary Mixing in a Vertical Diffusion Scheme}",
booktitle="Fall conference",
organization="The Korea Meteor. Soc.",
address="Seoul, Korea"}
%%%%%%%%%%%%%%%%%%%%%%%%%%%%%%%%%%%%%%%%%%%%%%%%%%%%%%%%%%%%%%%%%%%%%%%%%%%%%%%%%%%%%%%%%%%%%%%%%%%%
@article{Jan90,
author="Janji\'{c}, Z. I.",
year=1990,
title="{The step-mountain coordinate: physical package}",
journal="Mon. Wea. Rev.",
volume=118, 
pages="1429-1443"}
%%%%%%%%%%%%%%%%%%%%%%%%%%%%%%%%%%%%%%%%%%%%%%%%%%%%%%%%%%%%%%%%%%%%%%%%%%%%%%%%%%%%%%%%%%%%%%%%%%%%
@article{Jan94,
author="Janji\'{c}, Z. I.",
year=1994,
title="{The step-mountain eta coordinate model: further developments of the convection, viscous 
sublayer, and turbulence closure schemes}",
journal="Mon. Wea. Rev.",
volume=122, 
pages="927-945"}
%%%%%%%%%%%%%%%%%%%%%%%%%%%%%%%%%%%%%%%%%%%%%%%%%%%%%%%%%%%%%%%%%%%%%%%%%%%%%%%%%%%%%%%%%%%%%%%%%%%%
@inproceedings{Jan96,
author="Janji\'{c}, Z. I.",
year=1996,
title="{The surface layer in the NCEP Eta Model}",
booktitle="Preprints, Eleventh Conf. on Numerical Weather Prediction",
organizaton="Amer. Met. Soc.",
address="Boston, MA",
pages="354-355"}
%%%%%%%%%%%%%%%%%%%%%%%%%%%%%%%%%%%%%%%%%%%%%%%%%%%%%%%%%%%%%%%%%%%%%%%%%%%%%%%%%%%%%%%%%%%%%%%%%%%%
@techreport{Jan02,
author="Janji\'{c}, Z. I.",
year=2002,
title="{Nonsingular Implementation of the Mellor-Yamada 2.5 Scheme in the NCEP Meso Model}",
institution="NCEP",
address="USA"}
%%%%%%%%%%%%%%%%%%%%%%%%%%%%%%%%%%%%%%%%%%%%%%%%%%%%%%%%%%%%%%%%%%%%%%%%%%%%%%%%%%%%%%%%%%%%%%%%%%%%
@article{KF90,
author="Kain, John S. and J. M. Fritsch",
year=1990,
title="{A one-dimensional entraining/detraining plume model and its application in convective 
parameterization}",
journal="J. Atmos. Sci.",
volume=47, 
pages="2784-2802"}
%%%%%%%%%%%%%%%%%%%%%%%%%%%%%%%%%%%%%%%%%%%%%%%%%%%%%%%%%%%%%%%%%%%%%%%%%%%%%%%%%%%%%%%%%%%%%%%%%%%%
@techreport{KF93,
author="Kain, John S. and J. M. Fritsch",
year=1993,
title="{Convective Parameterization for mesoscale models: The Kain-Fritsch Scheme, 
\textit{The representation of cumulus convection in numerical models}}",
editor="K. A. Emanuel and D. J. Raymond",
institution="Amer. Meteor. Soc.",
pages="246"}
%%%%%%%%%%%%%%%%%%%%%%%%%%%%%%%%%%%%%%%%%%%%%%%%%%%%%%%%%%%%%%%%%%%%%%%%%%%%%%%%%%%%%%%%%%%%%%%%%%%%
@inproceedings{Kain2005,
author="Kain, John S. and S. J. Weiss and M. E. Baldwin and P. R. Janish and G. W. Carbin and 
J. J. Levit and D. R. Bright and J. A. Hart",
year=2005,
title="{Evaluating high-resolution configurations of the WRF model that are used to forecast severe 
convective weather: The 2005 SPC/NSSl Spring Program.}",
booktitle="{21st Conf. on Weather Analysis and Forecasting and 17th conference on Numerical Weather 
Prediction}",
address="Washington, D.C.",
organization="Amer. Meteor. Soc.",
pages="2A.5",
note="available online at: http://ams.confex.com/ams/pdfpapers/94843.pdf"}
%%%%%%%%%%%%%%%%%%%%%%%%%%%%%%%%%%%%%%%%%%%%%%%%%%%%%%%%%%%%%%%%%%%%%%%%%%%%%%%%%%%%%%%%%%%%%%%%%%%%
@article{Kain2008,
author="Kain, John S. and Steven J. Weiss and David R. Bright and Michael E. Baldwin and Jason Levit 
and Gregory W. Carbin and Craig S. Schwartz and Morris L. Weisman and Kelvin K. Droegemeier and 
Daniel B. Weber and Kevin W. Thomas",
year=2008,
title="{Some Practical Considerations Regarding Horizontal Resolution in the First Generation of 
Operational Convection-Allowing NWP}",
journal="Mon. Wea. Rev.",
volume=23,
pages="931-952"}
%%%%%%%%%%%%%%%%%%%%%%%%%%%%%%%%%%%%%%%%%%%%%%%%%%%%%%%%%%%%%%%%%%%%%%%%%%%%%%%%%%%%%%%%%%%%%%%%%%%%
@article{KaiserFeddy,
author="Kaiser, Rolf and Evgeni Fedorovich",
year=1998,
title="{Turbulence Spectra and Dissipation Rates in a Wind Tunnel Model of the Atmospheric 
Convective Boundary Layer}",
journal="J. Atmos. Sci.",
volume=55,
pages="580-594"}
%%%%%%%%%%%%%%%%%%%%%%%%%%%%%%%%%%%%%%%%%%%%%%%%%%%%%%%%%%%%%%%%%%%%%%%%%%%%%%%%%%%%%%%%%%%%%%%%%%%%
@article{KellyWyngaard2006,
author="Kelly, Mark and John C. Wyngaard",
year=2006,
title="{Two-Dimensional Spectra in the Atmospheric Boundary Layer}",
journal="J. Atmos. Sci.",
volume=63,
pages="3066-3070"}
%%%%%%%%%%%%%%%%%%%%%%%%%%%%%%%%%%%%%%%%%%%%%%%%%%%%%%%%%%%%%%%%%%%%%%%%%%%%%%%%%%%%%%%%%%%%%%%%%%%%
@BOOK{Kundu,
author = "Pijush K. Kundu and Ira M. Cohen",
title= "{Fluid Mechanics}",
publisher = "Elsevier Academic Press",
address="New York",
year=2004,
edition = 3,
pages="759"}
%%%%%%%%%%%%%%%%%%%%%%%%%%%%%%%%%%%%%%%%%%%%%%%%%%%%%%%%%%%%%%%%%%%%%%%%%%%%%%%%%%%%%%%%%%%%%%%%%%%%
@article{LacHan,
author="Lacis, A. A. and J. E. Hansen",
year=1974,
title="{A parameterization for the solar radiation in the earth's atmosphere}",
journal="J. Atmos. Sci.", 
volume=31,
pages="118-133"}
%%%%%%%%%%%%%%%%%%%%%%%%%%%%%%%%%%%%%%%%%%%%%%%%%%%%%%%%%%%%%%%%%%%%%%%%%%%%%%%%%%%%%%%%%%%%%%%%%%%%
@article{LeMone1990,
author="LeMone, M. A.",
year=1990,
title="{Some observations of vertical velocity skewness in the planetary boundary layer}",
journal="J. Atmos. Sci.",
volume=47,
pages="1163-1169"}
%%%%%%%%%%%%%%%%%%%%%%%%%%%%%%%%%%%%%%%%%%%%%%%%%%%%%%%%%%%%%%%%%%%%%%%%%%%%%%%%%%%%%%%%%%%%%%%%%%%%
@article{Laprise,
author="Laprise, R.",
year=1992,
title="{The Euler equations of motion with hydrostatic pressure as an independent variable}",
journal="Mon. Wea. Rev.",
volume=120,
pages="197-207"}
%%%%%%%%%%%%%%%%%%%%%%%%%%%%%%%%%%%%%%%%%%%%%%%%%%%%%%%%%%%%%%%%%%%%%%%%%%%%%%%%%%%%%%%%%%%%%%%%%%%%
@article{Li2010,
author="Li, Yubin and Z. Gao and D. H. Lenschow and F. Chen",
year=2010,
title="{An Improved Approach for Parameterizing Surface-Layer Turbulent Transfer Coefficients in 
Numerical Models}",
journal="Bound.-Layer Meteor.", 
volume=137,
pages="153-165"}
%%%%%%%%%%%%%%%%%%%%%%%%%%%%%%%%%%%%%%%%%%%%%%%%%%%%%%%%%%%%%%%%%%%%%%%%%%%%%%%%%%%%%%%%%%%%%%%%%%%%
@article{Lin,
author="Lin, S. and R. D. Farley and H. D. Orville",
year=1983,
title="{Bulk parameterization of the snow field in a cloud model}",
journal="J. Climate Appl. Meteor.", 
volume=22,
pages="1065-1092"}
%%%%%%%%%%%%%%%%%%%%%%%%%%%%%%%%%%%%%%%%%%%%%%%%%%%%%%%%%%%%%%%%%%%%%%%%%%%%%%%%%%%%%%%%%%%%%%%%%%%%
@BOOK{LumPan,
author = "Lumley, J. L. and H. A. Panofsky",
title= "{The Structure of Atmospheric Turbulence}",
publisher = "Interscience",
address="New York",
year=1964,
pages="239"}
%%%%%%%%%%%%%%%%%%%%%%%%%%%%%%%%%%%%%%%%%%%%%%%%%%%%%%%%%%%%%%%%%%%%%%%%%%%%%%%%%%%%%%%%%%%%%%%%%%%%
@PHDTHESIS{Lund2010,
AUTHOR  = {Lundquist, katherine A.},
YEAR    = 2010,
TITLE   = {Immersed Boundary Methods for High-Resolution Simulation of Atmospheric Boundary-Layer 
Flow Over Complex Terrain},
SCHOOL  = {University of California, Berkley},
PAGES   = 159
}
%%%%%%%%%%%%%%%%%%%%%%%%%%%%%%%%%%%%%%%%%%%%%%%%%%%%%%%%%%%%%%%%%%%%%%%%%%%%%%%%%%%%%%%%%%%%%%%%%%%%
@article{Mason89,
author="Mason, P. J.",
year=1989,
title="{Large-eddy simulation of the convective atmospheric boundary layer}",
journal="J. Atmos. Sci.", 
volume=46,
pages="1492-1516"}
%%%%%%%%%%%%%%%%%%%%%%%%%%%%%%%%%%%%%%%%%%%%%%%%%%%%%%%%%%%%%%%%%%%%%%%%%%%%%%%%%%%%%%%%%%%%%%%%%%%%
@article{Mirocha2010,
author="Mirocha, J. D. and J. K. Lundquist and B. Kosovi\'{c}",
year=2010,
title="{Implementation of a Nonlinear Subfilter Turbulence Stress Model for Large-Eddy Simulation 
in the Advanced Research WRF Model}",
journal="Mon. Wea. Rev.", 
volume=138,
pages="4212-4228"}
%%%%%%%%%%%%%%%%%%%%%%%%%%%%%%%%%%%%%%%%%%%%%%%%%%%%%%%%%%%%%%%%%%%%%%%%%%%%%%%%%%%%%%%%%%%%%%%%%%%%
@article{MS2007,
author="Mauritsen, T and G. Svensson",
year=2007,
title="{Observations of stably startified shear-driven atmospheric turbulence at low and high 
Richardson numbers}",
journal="J. Atmos. Sci.", 
volume=64,
pages="645-655"}
%%%%%%%%%%%%%%%%%%%%%%%%%%%%%%%%%%%%%%%%%%%%%%%%%%%%%%%%%%%%%%%%%%%%%%%%%%%%%%%%%%%%%%%%%%%%%%%%%%%%
@article{MY82,
author="Mellor, G. L. and T. Yamada",
year=1982,
title="{Development of a turbulence closure model for geophysical fluid problems}",
journal="Rev. Geophys. Space Phys.", 
volume=20,
pages="851-875"}
%%%%%%%%%%%%%%%%%%%%%%%%%%%%%%%%%%%%%%%%%%%%%%%%%%%%%%%%%%%%%%%%%%%%%%%%%%%%%%%%%%%%%%%%%%%%%%%%%%%%
@article{Moeng84,
author="Moeng, C.-H.",
year=1984,
title="{A large-eddy simulation for the study of planetary boundary layer turbulence}",
journal="J. Atmos. Sci.", 
volume=41,
pages="2052-2062"}
%%%%%%%%%%%%%%%%%%%%%%%%%%%%%%%%%%%%%%%%%%%%%%%%%%%%%%%%%%%%%%%%%%%%%%%%%%%%%%%%%%%%%%%%%%%%%%%%%%%%
@article{Moeng07,
author="Moeng, C.-H. and  J. Dudhia and J. Klemp and P. Sullivan",
year=2007,
title="{Examining Two-Way Grid Nesting for Large Eddy Simulation of the PBL Using the WRF Model}",
journal="Mon. Wea. Rev.", 
volume=135,
pages="2295-2311"}
%%%%%%%%%%%%%%%%%%%%%%%%%%%%%%%%%%%%%%%%%%%%%%%%%%%%%%%%%%%%%%%%%%%%%%%%%%%%%%%%%%%%%%%%%%%%%%%%%%%%
@article{MO,
author="Monin, A. S. and A. M. Obukhov",
year=1954,
title="{Basic Laws of turbulent mixing in the surface layer of the atmosphere}",
journal="Contrib. Geophys. Inst. Acad. Sci., USSR", 
volume=151,
pages="163-187"}
%%%%%%%%%%%%%%%%%%%%%%%%%%%%%%%%%%%%%%%%%%%%%%%%%%%%%%%%%%%%%%%%%%%%%%%%%%%%%%%%%%%%%%%%%%%%%%%%%%%%
@article{Noh,
author="Noh, Y. and W. G. Cheon and S. Hong and S. Raasch",
year=2003,
title="{Improvement of the K-profile model for the planetary boundary layer based on large eddy 
simulation data}",
journal="Bound.-Layer Meteor.", 
volume=107,
pages="401-427"}
%%%%%%%%%%%%%%%%%%%%%%%%%%%%%%%%%%%%%%%%%%%%%%%%%%%%%%%%%%%%%%%%%%%%%%%%%%%%%%%%%%%%%%%%%%%%%%%%%%%%
@article{Mlawer97,
author="Mlawer, E. J. and S. J. Taubman and  P. D. Brown and M. J. Iacono and
S. A. Clough",
year=1997,
title="{Radiative transfer for inhomgeneous atmosphere: RRTM, a validated correlated-k model for the 
longwave}",
journal="J. Geophys. Res.",
volume=102,
pages="16663-16682"}
%%%%%%%%%%%%%%%%%%%%%%%%%%%%%%%%%%%%%%%%%%%%%%%%%%%%%%%%%%%%%%%%%%%%%%%%%%%%%%%%%%%%%%%%%%%%%%%%%%%%
@article{NN01,
author="Nakanishi, M. and H. Niino",
year=2001,
title="{Improvement of the Mellor-Yamada turbulence closure model based on large-eddy simulation 
data}",
journal="Bound.-Layer Meteor.", 
volume=99,
pages="349-378"}
%%%%%%%%%%%%%%%%%%%%%%%%%%%%%%%%%%%%%%%%%%%%%%%%%%%%%%%%%%%%%%%%%%%%%%%%%%%%%%%%%%%%%%%%%%%%%%%%%%%%
@article{NN04,
author="Nakanishi, M. and H. Niino",
year=2004,
title="{An improved Mellor- Yamada level-3 model with condensation physics: Its design and 
verification}",
journal="Bound.-Layer Meteor.", 
volume=112,
pages="1-31"}
%%%%%%%%%%%%%%%%%%%%%%%%%%%%%%%%%%%%%%%%%%%%%%%%%%%%%%%%%%%%%%%%%%%%%%%%%%%%%%%%%%%%%%%%%%%%%%%%%%%%
@article{NN06,
author="Nakanishi, M. and H. Niino",
year=2006,
title="{An improved Mellor-Yamada level-3 model: Its numerical stability and application to a 
regional prediction of advection fog}",
journal="Bound.-Layer Meteor.", 
volume=119,
pages="397-407"}
%%%%%%%%%%%%%%%%%%%%%%%%%%%%%%%%%%%%%%%%%%%%%%%%%%%%%%%%%%%%%%%%%%%%%%%%%%%%%%%%%%%%%%%%%%%%%%%%%%%%
@article{NARR,
author="Mesinger, F. and G. DiMego and E. Kalnay and K. Mitchell and P. C. Shafran and W. Ebisuzaki 
and J. Woollen and Du\u{s}an Jovi\'{c} and E. Rogers and E. H. Berbery and M. B. Ek and Y. Fan amd 
R. Grumbine and W. Higgins and H. Li and Y. Lin and G. Manikin and D. Parrish and W. Shi",
year=2006,
title="{North American Regional Reanalysis}",
journal="Bull. Amer. Meteor. Soc.", 
volume=97,
pages="343-360"}
%%%%%%%%%%%%%%%%%%%%%%%%%%%%%%%%%%%%%%%%%%%%%%%%%%%%%%%%%%%%%%%%%%%%%%%%%%%%%%%%%%%%%%%%%%%%%%%%%%%%
@inproceedings{OlsonBrown2011,
author="Olson, J. and J. M. Brown",
year=2011,
title="{Modifications in the MYNN PBL/surface scheme to improve the Alaska coastal barrier jet 
and overall performance in the Rapid Refresh}",
booktitle="{The 2011 Alaska Weather Symposium}",
organizaton="University of Alaska Fairbanks ", 
address="Fairbanks, Alaska",
howpublished = "Available by web browser from http://weather.arsc.edu/Events/AWS11/Presentations/Olson.pdf
{\tt http:\doubleslash weather.arsc.edu\slash Events\slash AWS11\slash
Presentations\slash Olson.pdf}"}
%%%%%%%%%%%%%%%%%%%%%%%%%%%%%%%%%%%%%%%%%%%%%%%%%%%%%%%%%%%%%%%%%%%%%%%%%%%%%%%%%%%%%%%%%%%%%%%%%%%%
@article{Pan60,
author="Panofsky, H. A. and K. Blackadar and G. E. McVehil",
year=1960,
title="{The diabatic wind profile}",
journal="Quart. J. Roy. Meteor. Soc.", 
volume=86,
pages="390-398"}
%%%%%%%%%%%%%%%%%%%%%%%%%%%%%%%%%%%%%%%%%%%%%%%%%%%%%%%%%%%%%%%%%%%%%%%%%%%%%%%%%%%%%%%%%%%%%%%%%%%%
@article{Pan63,
author="Panofsky, H. A.",
year=1963,
title="{Determination of stress from wind and temperature measurements}",
journal="Quart. J. Roy. Meteor. Soc.", 
volume=89,
pages="85-94"}
%%%%%%%%%%%%%%%%%%%%%%%%%%%%%%%%%%%%%%%%%%%%%%%%%%%%%%%%%%%%%%%%%%%%%%%%%%%%%%%%%%%%%%%%%%%%%%%%%%%%
@article{Paulson,
author="Paulson, C. A.",
year=1970,
title="{The mathematical representation of wind speed and temperature profiles in the unstable 
atmospheric surface layer}",
journal="J. Appl. Meteor.", 
volume=9,
pages="857-861"}
%%%%%%%%%%%%%%%%%%%%%%%%%%%%%%%%%%%%%%%%%%%%%%%%%%%%%%%%%%%%%%%%%%%%%%%%%%%%%%%%%%%%%%%%%%%%%%%%%%%%
@article{PleimChang,
author="Pleim, J. E. and J. S. Chang",
year=1992,
title="{A non-local closure model for vertical mixing in the convective boundary layer}",
journal="Atmos. Environ.", 
volume="{26A}",
pages="965-981"}
%%%%%%%%%%%%%%%%%%%%%%%%%%%%%%%%%%%%%%%%%%%%%%%%%%%%%%%%%%%%%%%%%%%%%%%%%%%%%%%%%%%%%%%%%%%%%%%%%%%%
@article{Pleim06,
author="Pleim, J. E.",
year=2006,
title="{A simple, efficient solution of flux-profile relationships in the atmospheric surface 
layer.}",
journal="J. Appl. Meteor. and Clim.", 
volume=45,
pages="341-347"}
%%%%%%%%%%%%%%%%%%%%%%%%%%%%%%%%%%%%%%%%%%%%%%%%%%%%%%%%%%%%%%%%%%%%%%%%%%%%%%%%%%%%%%%%%%%%%%%%%%%%
@article{Pleim07,
author="Pleim, J. E.",
year=2007,
title="{A combined local and non-local closure model for the atmospheric boundary layer. Part 1: 
Model description and testing.}",
journal="J. Appl. Meteor. and Clim.", 
volume=46,
pages="1383-1395"}
%%%%%%%%%%%%%%%%%%%%%%%%%%%%%%%%%%%%%%%%%%%%%%%%%%%%%%%%%%%%%%%%%%%%%%%%%%%%%%%%%%%%%%%%%%%%%%%%%%%%
@article{PleimXiu95,
author="Pleim, J. E. and A. Xiu",
year=1995,
title="{Development and testing of a surface flux and planetary boundary layer model for application 
in mesoscale models.}",
journal="J. Appl. Meteor.", 
volume=34,
pages="16-32"}
%%%%%%%%%%%%%%%%%%%%%%%%%%%%%%%%%%%%%%%%%%%%%%%%%%%%%%%%%%%%%%%%%%%%%%%%%%%%%%%%%%%%%%%%%%%%%%%%%%%%
@article{Schmidt89,
author  = "Schmidt, H. and U. Schumann",
year    = 1989,
title   = {Coherent structure of the convective boundary layer derived from large-eddy simulations},
journal = {J. Fluid. Mech.},
VOLUME  = 200,
pages="511-562"}
%%%%%%%%%%%%%%%%%%%%%%%%%%%%%%%%%%%%%%%%%%%%%%%%%%%%%%%%%%%%%%%%%%%%%%%%%%%%%%%%%%%%%%%%%%%%%%%%%%%%
@article{Schwartz2009,
author  = "Craig S. Schwartz and John S. Kain and Steven J. Weiss and Ming Xue and David R. Bright and
Fanyou Kong and Kevin W. Thomas and Jason J. Levit and Michael C. Coniglio",
year    = 2009,
title   = {Next-day convection-allowing WRF model guidance: A second look at 2 vs. 4 km grid spacing},
journal = {Mon. Wea. Rev.},
VOLUME  = 137,
DOI     = {10.1175/2009MWR2924.1}}
%%%%%%%%%%%%%%%%%%%%%%%%%%%%%%%%%%%%%%%%%%%%%%%%%%%%%%%%%%%%%%%%%%%%%%%%%%%%%%%%%%%%%%%%%%%%%%%%%%%%

@PHDTHESIS{Sjoblom2002,
	AUTHOR  = {Sj\"{o}blom, A.},
	YEAR    = 2002, 
	TITLE   = {Turbulent Structure of the Marine Atmospheric Boundary Layer and Its Implications for the Inertial Dissipation Method.},
	SCHOOL  = {Acta Universitatis Upsaliensis},
	PAGES   = 26
}
%%%%%%%%%%%%%%%%%%%%%%%%%%%%%%%%%%%%%%%%%%%%%%%%%%%%%%%%%%%%%%%%%%%%%%%%%%%%%%%%%%%%%%%%%%%%%%%%%%%%
@article{Skamarock92,
author="Skamarock, W. C. and J. B. Klemp",
year=1992,
title="{The Stability of Time-Split Numerical-Methods for the Hydrostatic and the Nonhydrostatic 
Elastic Equations}",
journal="{Mon. Wea. Rev.}",
VOLUME=120,
pages="2109-2127"}
%%%%%%%%%%%%%%%%%%%%%%%%%%%%%%%%%%%%%%%%%%%%%%%%%%%%%%%%%%%%%%%%%%%%%%%%%%%%%%%%%%%%%%%%%%%%%%%%%%%%
@techreport{Skamarock,
author="Skamarock, W. C. and Klemp, J. B. and J. Dudhia and D. O. Gill 
and D. M. Barker and W. Wang and J. G. Powers",
year=2008,
title="{A Description of the Advanced Research WRF Version 3}",
institution="NCAR",
address="USA"}
%%%%%%%%%%%%%%%%%%%%%%%%%%%%%%%%%%%%%%%%%%%%%%%%%%%%%%%%%%%%%%%%%%%%%%%%%%%%%%%%%%%%%%%%%%%%%%%%%%%%
@article{Skamarock04,
author="Skamarock, W. C.",
year=2004,
title="{Evaluating Mesoscale NWP Models Using Kinetic Energy Spectra}",
journal="{Mon. Wea. Rev.}",
VOLUME=132,
pages="3019-3032"}
%%%%%%%%%%%%%%%%%%%%%%%%%%%%%%%%%%%%%%%%%%%%%%%%%%%%%%%%%%%%%%%%%%%%%%%%%%%%%%%%%%%%%%%%%%%%%%%%%%%%
@article{Smag,
author="Smagorinsky, J",
year=1963,
title="{General Circulations Experiments With The Primitive Equations}",
journal="Mon. Wea. Rev.", 
volume=91,
pages="99-164"}
%%%%%%%%%%%%%%%%%%%%%%%%%%%%%%%%%%%%%%%%%%%%%%%%%%%%%%%%%%%%%%%%%%%%%%%%%%%%%%%%%%%%%%%%%%%%%%%%%%%%
@BOOK{Stensrud,
author = "David J. Stensrud",
title= "{Parameterization Schemes - Keys to Understanding Numerical Weather Prediction Models}",
publisher = "Cambridge University Press",
address="New York",
year=2007,
pages="459"}
%%%%%%%%%%%%%%%%%%%%%%%%%%%%%%%%%%%%%%%%%%%%%%%%%%%%%%%%%%%%%%%%%%%%%%%%%%%%%%%%%%%%%%%%%%%%%%%%%%%%
@book{Stull,
author="Roland B. Stull",
title="{An Introduction to Boundary Layer Meteorology}",
year=1988,
publisher="Kluwer Academic Publishers",
edition = 1,
pages = "666"}
%%%%%%%%%%%%%%%%%%%%%%%%%%%%%%%%%%%%%%%%%%%%%%%%%%%%%%%%%%%%%%%%%%%%%%%%%%%%%%%%%%%%%%%%%%%%%%%%%%%%
@article{SwFels,
author="Schwarzkopf, M. D. and S. B. Fels",
year=1991,
title="{The simplified exchange method revisited - An accurate, rapid method for computation of 
infrared cooling rates and fluxes}",
journal="J. Geophys. Res.", 
volume=96,
pages="9075-9096"}
%%%%%%%%%%%%%%%%%%%%%%%%%%%%%%%%%%%%%%%%%%%%%%%%%%%%%%%%%%%%%%%%%%%%%%%%%%%%%%%%%%%%%%%%%%%%%%%%%%%%
@article{Talbot2012,
author="Talbot, Charles and Elie Bou-Zeid and Jim Smith",
year=2012,
title="{Nested Mesoscale Large-Eddy Simulations with WRF: Performance in Real Test Cases}",
journal="J. Hydrometeor.", 
volume=13,
pages="1421-1441"}
%%%%%%%%%%%%%%%%%%%%%%%%%%%%%%%%%%%%%%%%%%%%%%%%%%%%%%%%%%%%%%%%%%%%%%%%%%%%%%%%%%%%%%%%%%%%%%%%%%%%
@BOOK{TenLum1972,
author = "Henk Tenekes and John L. Lumley",
title= "{A First Course in Turbulence}",
publisher = "The Massachusetts Institute of Technology Press",
address="Massachusetts",
year=1972,
pages="300"}
%%%%%%%%%%%%%%%%%%%%%%%%%%%%%%%%%%%%%%%%%%%%%%%%%%%%%%%%%%%%%%%%%%%%%%%%%%%%%%%%%%%%%%%%%%%%%%%%%%%%
@article{TroenMahrt,
author="Troen, I. B., and L. Mahrt",
year=1986,
title="{A simple model of the atmospheric boundary layer; sensitivity to surface evaporation}",
journal="Bound.-Layer Meteor.", 
volume=37,
pages="129-148"}
%%%%%%%%%%%%%%%%%%%%%%%%%%%%%%%%%%%%%%%%%%%%%%%%%%%%%%%%%%%%%%%%%%%%%%%%%%%%%%%%%%%%%%%%%%%%%%%%%%%%
@article{Webb,
author="Webb, E. K.",
year=1970,
title="{Profile relationships: The log-linear range, and extension to strong stability}",
journal="Quart. J. Roy. Meteor. Soc.", 
volume=96,
pages="67-90"}
%%%%%%%%%%%%%%%%%%%%%%%%%%%%%%%%%%%%%%%%%%%%%%%%%%%%%%%%%%%%%%%%%%%%%%%%%%%%%%%%%%%%%%%%%%%%%%%%%%%%
@article{Wicker98,
author="Wicker, Louis J. and William C. Skamarock",
year=1998,
title="{A Time-Splitting Scheme for the Elastic Equations Incorporating Second-Order Runge–Kutta Time Differencing}",
journal="Mon. Wea. Rev.", 
volume=126,
pages="1992-1999"}
%%%%%%%%%%%%%%%%%%%%%%%%%%%%%%%%%%%%%%%%%%%%%%%%%%%%%%%%%%%%%%%%%%%%%%%%%%%%%%%%%%%%%%%%%%%%%%%%%%%%
@article{Wicker02,
author="Wicker, Louis J. and William C. Skamarock",
year=2002,
title="{Time-Splitting Methods for Elastic Models Using Forward Time Schemes}",
journal="Mon. Wea. Rev.", 
volume=130,
pages="2088-2097"}
%%%%%%%%%%%%%%%%%%%%%%%%%%%%%%%%%%%%%%%%%%%%%%%%%%%%%%%%%%%%%%%%%%%%%%%%%%%%%%%%%%%%%%%%%%%%%%%%%%%%
@MASTERSTHESIS{Wilson2012a,
AUTHOR  = {Wilson, C.},
YEAR = 2012,
TITLE   = {Temperature, Humidity, and Velocity Structure Functions in Stratified Atmospheric Boundary Layers},
DEPARTMENT = {Dept. of Meteorology},
SCHOOL  = {University of Oklahoma},
PAGES   = 152
}
%%%%%%%%%%%%%%%%%%%%%%%%%%%%%%%%%%%%%%%%%%%%%%%%%%%%%%%%%%%%%%%%%%%%%%%%%%%%%%%%%%%%%%%%%%%%%%%%%%%%
@article{Wilson2012b,
author="Wilson, C. and E. Fedorovich",
year=2012,
title="{Direct Evaluation of Refractive-Index Structure Functions from Large-Eddy Simulation Output 
for Atmospheric Convective Boundary Layers}",
journal="Acta Geophysica", 
volume=60,
pages="1474-1492"}
%%%%%%%%%%%%%%%%%%%%%%%%%%%%%%%%%%%%%%%%%%%%%%%%%%%%%%%%%%%%%%%%%%%%%%%%%%%%%%%%%%%%%%%%%%%%%%%%%%%%
@article{Wyngaard2004,
author="Wyngaard, J. C.",
year=2004,
title="{Toward Numerical Modeling in the ``Terra Incognita"}",
journal="J. Atmos. Sci.", 
volume=61,
pages="1816-1826"}
%%%%%%%%%%%%%%%%%%%%%%%%%%%%%%%%%%%%%%%%%%%%%%%%%%%%%%%%%%%%%%%%%%%%%%%%%%%%%%%%%%%%%%%%%%%%%%%%%%%%
@article{XiuPleim01,
author="Xiu, A. and J. E. Pleim",
year=2001,
title="{Development of a land surface model part I: Application in a mesoscale meteorology model.}",
journal="J. Appl. Meteor.", 
volume=40,
pages="192-209"}
%%%%%%%%%%%%%%%%%%%%%%%%%%%%%%%%%%%%%%%%%%%%%%%%%%%%%%%%%%%%%%%%%%%%%%%%%%%%%%%%%%%%%%%%%%%%%%%%%%%%
@article{Zhang,
author="Zhang, D. L. and R. A. Anthes",
year=1982,
title="{A high resolution model of the planetary boundary layer - sensitivity test and comparisons 
with SESAME-79 data}",
journal="J. Appl. Meteor.", 
volume=21,
pages="1594-1609"}
%%%%%%%%%%%%%%%%%%%%%%%%%%%%%%%%%%%%%%%%%%%%%%%%%%%%%%%%%%%%%%%%%%%%%%%%%%%%%%%%%%%%%%%%%%%%%%%%%%%%
@inproceedings{Zilit,
author="Zilitinkevich, S. S",
year=1995,
title="{Non-local turbulent transport: pollution dispersion aspects of coherent structure of 
convective flows}",
pages="53-60", 
booktitle="Air Pollution III - Air Pollution Theory and Simulation", 
organization="Computational Mechanics Publications",
address="Southampton Boston",
volume=1}
%%%%%%%%%%%%%%%%%%%%%%%%%%%%%%%%%%%%%%%%%%%%%%%%%%%%%%%%%%%%%%%%%%%%%%%%%%%%%%%%%%%%%%%%%%%%%%%%%%%%